<?xml version="1.0" encoding="UTF-8"?><collection xmlns="http://www.loc.gov/MARC21/slim"><record><leader>00553nam--2200181-i-4500</leader><controlfield tag="001">000022236</controlfield><controlfield tag="002">20161230</controlfield><controlfield tag="005">20161230201034</controlfield><controlfield tag="008">060222s1000------------r-----000-0-eng-d</controlfield><datafield ind1=" " ind2=" " tag="040"><subfield code="a">IFIN-HH</subfield></datafield><datafield ind1=" " ind2=" " tag="080"><subfield code="a">536.758(083)</subfield></datafield><datafield ind1="1" ind2=" " tag="100"><subfield code="a">Hilsenrath , J</subfield></datafield><datafield ind1="1" ind2="0" tag="245"><subfield code="a">Tables of einstein functions. vibrational contributions to the thermodynamic functions</subfield><subfield code="c">J. hilsenrath, g.g. ziegler</subfield></datafield><datafield ind1=" " ind2=" " tag="260"><subfield code="a">Washington</subfield><subfield code="b">National Bureau Of Standards</subfield><subfield code="c">1962</subfield></datafield><datafield ind1=" " ind2=" " tag="300"><subfield code="a">VII + 258 P</subfield></datafield><datafield ind1="1" ind2=" " tag="700"><subfield code="a">Ziegler, G.G</subfield></datafield><datafield ind1=" " ind2=" " tag="852"><subfield code="a">18711</subfield><subfield code="c">53.081</subfield></datafield><datafield ind1=" " ind2=" " tag="CAT"><subfield code="a">Sys</subfield><subfield code="c">20160324</subfield><subfield code="h">154843</subfield></datafield></record></collection>